%
% vwa.bib
% Beispieldatei, die mit der vwa.cls von Alexander Leithner mitgeliefert wird
% Dieses Dokument fällt nicht unter die LPPL, unter der die vwa.cls steht!
%

% Bibliographie-Datenbank.
% Einträge können automatisch aus diversen Bibliothekssystemen erzeugt werden, bspw. dem des
% Österreichischen Bibliothekenverbundes (Mitglieder sind u.a. Österr. Nationalbibliothek,
% Universitätsbibliothek Wien, etc.) und hierher kopiert werden, oder selbst abgefasst. Das
% funktioniert folgendermaßen (Beispiel):
% @book{id,                             Eintrag vom Typ "Buch" mit Identifikation "id"
%   author = {Max Mustermann},          Autor ist Max Mustermann
%   title = {Die Mutter aller Bücher},  Titel
%   year = {2000},                      erschienen im Jahr 2000
%   publisher = {Dudenverlag}           verlegt vom Dudenverlag
% }
% Es empfiehlt sich allerdings die Verwendung eines Bibliographieverwalters, wie bspw. die
% freie Software "KBibTeX" oder "JabRef" (beide open source, kostenlos und verfügbar
% für Windows, Mac OSX und Linux), der ein graphisches Interface zur Bearbeitung bietet.
